@inproceedings{laina2016deeper,
        title={Deeper depth prediction with fully convolutional residual networks},
        author={Laina, Iro and Rupprecht, Christian and Belagiannis, Vasileios and Tombari, Federico and Navab, Nassir},
        booktitle={3D Vision (3DV), 2016 Fourth International Conference on},
        pages={239--248},
        year={2016},
        organization={IEEE}
}